% Encoding: UTF-8

@Article{Russell2002,
  author = {Russell, Stuart and Norvig, Peter},
  title  = {Artificial intelligence: a modern approach},
  year   = {2002},
}

@Book{Brillinger2001,
  author    = {Brillinger, David R},
  publisher = {SIAM},
  title     = {Time series: data analysis and theory},
  year      = {2001},
}

@InCollection{malkiel1989efficient,
  author    = {Malkiel, Burton G},
  booktitle = {Finance},
  publisher = {Springer},
  title     = {Efficient market hypothesis},
  year      = {1989},
  pages     = {127--134},
}

@Article{hornik1989multilayer,
  author    = {Hornik, Kurt and Stinchcombe, Maxwell and White, Halbert},
  journal   = {Neural networks},
  title     = {Multilayer feedforward networks are universal approximators},
  year      = {1989},
  number    = {5},
  pages     = {359--366},
  volume    = {2},
  publisher = {Elsevier},
}

@Article{binner2005comparison,
  author    = {Binner*, Jane M and Bissoondeeal, Rakesh K and Elger, Thomas and Gazely, Alicia M and Mullineux, Andrew W},
  journal   = {Applied economics},
  title     = {A comparison of linear forecasting models and neural networks: an application to Euro inflation and Euro Divisia},
  year      = {2005},
  number    = {6},
  pages     = {665--680},
  volume    = {37},
  publisher = {Taylor \& Francis},
}

@Article{heaton2017deep,
  author    = {Heaton, James B and Polson, Nick G and Witte, Jan Hendrik},
  journal   = {Applied Stochastic Models in Business and Industry},
  title     = {Deep learning for finance: deep portfolios},
  year      = {2017},
  number    = {1},
  pages     = {3--12},
  volume    = {33},
  publisher = {Wiley Online Library},
}

@Article{che2018recurrent,
  author    = {Che, Zhengping and Purushotham, Sanjay and Cho, Kyunghyun and Sontag, David and Liu, Yan},
  journal   = {Scientific reports},
  title     = {Recurrent neural networks for multivariate time series with missing values},
  year      = {2018},
  number    = {1},
  pages     = {1--12},
  volume    = {8},
  publisher = {Nature Publishing Group},
}

@Article{agrawal2013state,
  author    = {Agrawal, JG and Chourasia, V and Mittra, A},
  journal   = {International Journal of Advanced Research in Electrical, Electronics and Instrumentation Engineering},
  title     = {State-of-the-art in stock prediction techniques},
  year      = {2013},
  number    = {4},
  pages     = {1360--1366},
  volume    = {2},
  publisher = {Citeseer},
}

@Book{kirkpatrick2010technical,
  author    = {Kirkpatrick II, Charles D and Dahlquist, Julie A},
  publisher = {FT press},
  title     = {Technical analysis: the complete resource for financial market technicians},
  year      = {2010},
}

@Article{haggan1981modelling,
  author    = {Haggan, Val{\'e}rie and Ozaki, Tohru},
  journal   = {Biometrika},
  title     = {Modelling nonlinear random vibrations using an amplitude-dependent autoregressive time series model},
  year      = {1981},
  number    = {1},
  pages     = {189--196},
  volume    = {68},
  publisher = {Oxford University Press},
}

@Book{tong1990non,
  author    = {Tong, Howell},
  publisher = {Oxford University Press},
  title     = {Non-linear time series: a dynamical system approach},
  year      = {1990},
}

@Article{hornik1989multilayer,
  author    = {Hornik, Kurt and Stinchcombe, Maxwell and White, Halbert},
  journal   = {Neural networks},
  title     = {Multilayer feedforward networks are universal approximators},
  year      = {1989},
  number    = {5},
  pages     = {359--366},
  volume    = {2},
  publisher = {Elsevier},
}

@Article{hill1996neural,
  author    = {Hill, Tim and O'Connor, Marcus and Remus, William},
  journal   = {Management science},
  title     = {Neural network models for time series forecasts},
  year      = {1996},
  number    = {7},
  pages     = {1082--1092},
  volume    = {42},
  publisher = {INFORMS},
}

@Article{sak2014long,
  author = {Sak, Hasim and Senior, Andrew W and Beaufays, Fran{\c{c}}oise},
  title  = {Long short-term memory recurrent neural network architectures for large scale acoustic modeling},
  year   = {2014},
}

@Article{rumelhart1986learning,
  author    = {Rumelhart, David E and Hinton, Geoffrey E and Williams, Ronald J},
  journal   = {nature},
  title     = {Learning representations by back-propagating errors},
  year      = {1986},
  number    = {6088},
  pages     = {533--536},
  volume    = {323},
  publisher = {Nature Publishing Group},
}

@Article{bengio1994learning,
  author    = {Bengio, Yoshua and Simard, Patrice and Frasconi, Paolo},
  journal   = {IEEE transactions on neural networks},
  title     = {Learning long-term dependencies with gradient descent is difficult},
  year      = {1994},
  number    = {2},
  pages     = {157--166},
  volume    = {5},
  publisher = {IEEE},
}

@Book{malkiel1973random,
  author    = {Malkiel, Burton Gordon},
  publisher = {Norton},
  title     = {A random walk down wall street [by] burton G. Malkiel},
  year      = {1973},
}

@Book{lo2011non,
  author    = {Lo, Andrew W and MacKinlay, A Craig},
  publisher = {Princeton University Press},
  title     = {A non-random walk down Wall Street},
  year      = {2011},
}

@Book{glantz2013multi,
  author    = {Glantz, Morton and Kissell, Robert L},
  publisher = {Academic Press},
  title     = {Multi-asset risk modeling: techniques for a global economy in an electronic and algorithmic trading era},
  year      = {2013},
}

@InProceedings{white1988economic,
  author    = {White, Halbert},
  booktitle = {ICNN},
  title     = {Economic prediction using neural networks: The case of IBM daily stock returns},
  year      = {1988},
  pages     = {451--458},
  volume    = {2},
}

@Article{lago2018forecasting,
  author    = {Lago, Jesus and De Ridder, Fjo and De Schutter, Bart},
  journal   = {Applied Energy},
  title     = {Forecasting spot electricity prices: Deep learning approaches and empirical comparison of traditional algorithms},
  year      = {2018},
  pages     = {386--405},
  volume    = {221},
  publisher = {Elsevier},
}

@InProceedings{dorffner1996neural,
  author       = {Dorffner, Georg},
  booktitle    = {Neural network world},
  title        = {Neural networks for time series processing},
  year         = {1996},
  organization = {Citeseer},
}

@Article{church1996forecasting,
  author    = {Church, Keith B and Curram, Stephen P},
  journal   = {International journal of forecasting},
  title     = {Forecasting consumers' expenditure: A comparison between econometric and neural network models},
  year      = {1996},
  number    = {2},
  pages     = {255--267},
  volume    = {12},
  publisher = {Elsevier},
}

@Article{gorr1994comparative,
  author    = {Gorr, Wilpen L and Nagin, Daniel and Szczypula, Janusz},
  journal   = {International Journal of Forecasting},
  title     = {Comparative study of artificial neural network and statistical models for predicting student grade point averages},
  year      = {1994},
  number    = {1},
  pages     = {17--34},
  volume    = {10},
  publisher = {Elsevier},
}

@Article{elman1990finding,
  author    = {Elman, Jeffrey L},
  journal   = {Cognitive science},
  title     = {Finding structure in time},
  year      = {1990},
  number    = {2},
  pages     = {179--211},
  volume    = {14},
  publisher = {Wiley Online Library},
}

@Misc{chollet2015keras,
  author = {Chollet, Fran{\c{c}}ois and others},
  title  = {keras},
  year   = {2015},
}

@Article{abadi2016tensorflow,
  author  = {Abadi, Mart{\'\i}n and Agarwal, Ashish and Barham, Paul and Brevdo, Eugene and Chen, Zhifeng and Citro, Craig and Corrado, Greg S and Davis, Andy and Dean, Jeffrey and Devin, Matthieu and others},
  journal = {arXiv preprint arXiv:1603.04467},
  title   = {Tensorflow: Large-scale machine learning on heterogeneous distributed systems},
  year    = {2016},
}

@Article{ahmed2010empirical,
  author    = {Ahmed, Nesreen K and Atiya, Amir F and Gayar, Neamat El and El-Shishiny, Hisham},
  journal   = {Econometric Reviews},
  title     = {An empirical comparison of machine learning models for time series forecasting},
  year      = {2010},
  number    = {5-6},
  pages     = {594--621},
  volume    = {29},
  publisher = {Taylor \& Francis},
}

@Article{zhang1998forecasting,
  author    = {Zhang, Guoqiang and Patuwo, B Eddy and Hu, Michael Y},
  journal   = {International journal of forecasting},
  title     = {Forecasting with artificial neural networks:: The state of the art},
  year      = {1998},
  number    = {1},
  pages     = {35--62},
  volume    = {14},
  publisher = {Elsevier},
}

@Article{werbos1990backpropagation,
  author    = {Werbos, Paul J},
  journal   = {Proceedings of the IEEE},
  title     = {Backpropagation through time: what it does and how to do it},
  year      = {1990},
  number    = {10},
  pages     = {1550--1560},
  volume    = {78},
  publisher = {IEEE},
}

@Article{diebold1995paring,
  author  = {Diebold, Francis X and Mariano, Roberto S},
  journal = {Journal of Business and Economic Statistics},
  title   = {Com paring predictive accu racy},
  year    = {1995},
  number  = {3},
  pages   = {253--263},
  volume  = {13},
}

@Article{kuo2018high,
  author    = {Kuo, Ping-Huan and Huang, Chiou-Jye},
  journal   = {Energies},
  title     = {A high precision artificial neural networks model for short-term energy load forecasting},
  year      = {2018},
  number    = {1},
  pages     = {213},
  volume    = {11},
  publisher = {Multidisciplinary Digital Publishing Institute},
}

@Article{wasserman1988they,
  author  = {Wasserman, PD and Schwartz, T and others},
  journal = {IEEE Expert},
  title   = {What are they and why is everybody so interested in them now?},
  year    = {1988},
  number  = {1},
  pages   = {10--15},
  volume  = {3},
}

@InProceedings{glorot2011deep,
  author       = {Glorot, Xavier and Bordes, Antoine and Bengio, Yoshua},
  booktitle    = {Proceedings of the fourteenth international conference on artificial intelligence and statistics},
  title        = {Deep sparse rectifier neural networks},
  year         = {2011},
  organization = {JMLR Workshop and Conference Proceedings},
  pages        = {315--323},
}

@InProceedings{nelson2017stock,
  author       = {Nelson, David MQ and Pereira, Adriano CM and de Oliveira, Renato A},
  booktitle    = {2017 International joint conference on neural networks (IJCNN)},
  title        = {Stock market's price movement prediction with LSTM neural networks},
  year         = {2017},
  organization = {IEEE},
  pages        = {1419--1426},
}

@Article{di2016artificial,
  author  = {Di Persio, Luca and Honchar, Oleksandr},
  journal = {International journal of circuits, systems and signal processing},
  title   = {Artificial neural networks architectures for stock price prediction: Comparisons and applications},
  year    = {2016},
  number  = {2016},
  pages   = {403--413},
  volume  = {10},
}

@InProceedings{chen2015lstm,
  author       = {Chen, Kai and Zhou, Yi and Dai, Fangyan},
  booktitle    = {2015 IEEE international conference on big data (big data)},
  title        = {A LSTM-based method for stock returns prediction: A case study of China stock market},
  year         = {2015},
  organization = {IEEE},
  pages        = {2823--2824},
}

@InProceedings{liwicki2009automatic,
  author       = {Liwicki, Stephan and Everingham, Mark},
  booktitle    = {2009 IEEE computer society conference on computer vision and pattern recognition workshops},
  title        = {Automatic recognition of fingerspelled words in british sign language},
  year         = {2009},
  organization = {IEEE},
  pages        = {50--57},
}

@Article{graves2012sequence,
  author  = {Graves, Alex},
  journal = {arXiv preprint arXiv:1211.3711},
  title   = {Sequence transduction with recurrent neural networks},
  year    = {2012},
}

@Article{hochreiter1997long,
  author    = {Hochreiter, Sepp and Schmidhuber, J{\"u}rgen},
  journal   = {Neural computation},
  title     = {Long short-term memory},
  year      = {1997},
  number    = {8},
  pages     = {1735--1780},
  volume    = {9},
  publisher = {MIT Press},
}

@Article{jia2016investigation,
  author  = {Jia, Hengjian},
  journal = {arXiv preprint arXiv:1603.07893},
  title   = {Investigation into the effectiveness of long short term memory networks for stock price prediction},
  year    = {2016},
}

@Article{oancea2014time,
  author  = {Oancea, Bogdan and Ciucu, {\c{S}}tefan Cristian},
  journal = {arXiv preprint arXiv:1401.1333},
  title   = {Time series forecasting using neural networks},
  year    = {2014},
}

@Article{greff2016lstm,
  author    = {Greff, Klaus and Srivastava, Rupesh K and Koutn{\'\i}k, Jan and Steunebrink, Bas R and Schmidhuber, J{\"u}rgen},
  journal   = {IEEE transactions on neural networks and learning systems},
  title     = {LSTM: A search space odyssey},
  year      = {2016},
  number    = {10},
  pages     = {2222--2232},
  volume    = {28},
  publisher = {IEEE},
}

@Article{chakraborty1992forecasting,
  author    = {Chakraborty, Kanad and Mehrotra, Kishan and Mohan, Chilukuri K and Ranka, Sanjay},
  journal   = {Neural networks},
  title     = {Forecasting the behavior of multivariate time series using neural networks},
  year      = {1992},
  number    = {6},
  pages     = {961--970},
  volume    = {5},
  publisher = {Elsevier},
}

@InProceedings{kimoto1990stock,
  author       = {Kimoto, Takashi and Asakawa, Kazuo and Yoda, Morio and Takeoka, Masakazu},
  booktitle    = {1990 IJCNN international joint conference on neural networks},
  title        = {Stock market prediction system with modular neural networks},
  year         = {1990},
  organization = {IEEE},
  pages        = {1--6},
}

@Article{zhang2003time,
  author    = {Zhang, G Peter},
  journal   = {Neurocomputing},
  title     = {Time series forecasting using a hybrid ARIMA and neural network model},
  year      = {2003},
  pages     = {159--175},
  volume    = {50},
  publisher = {Elsevier},
}

@Article{zupan2003basics,
  author  = {Zupan, Jure},
  journal = {Nature-inspired Methods in Chemometrics: Genetic Algorithms and Artificial Neural Networks (Leardi, R., ed.)},
  title   = {Basics of artificial neural network},
  year    = {2003},
  pages   = {199--229},
}

@InProceedings{naeini2010stock,
  author       = {Naeini, Mahdi Pakdaman and Taremian, Hamidreza and Hashemi, Homa Baradaran},
  booktitle    = {2010 international conference on computer information systems and industrial management applications (CISIM)},
  title        = {Stock market value prediction using neural networks},
  year         = {2010},
  organization = {IEEE},
  pages        = {132--136},
}

@TechReport{gradojevic2000application,
  author      = {Gradojevic, Nikola and Yang, Jing},
  institution = {Bank of Canada},
  title       = {The application of artificial neural networks to exchange rate forecasting: The role of market microstructure variables},
  year        = {2000},
}

@Article{makridakis1982accuracy,
  author    = {Makridakis, Spyros and Andersen, Allan and Carbone, Robert and Fildes, Robert and Hibon, Michele and Lewandowski, Rudolf and Newton, Joseph and Parzen, Emanuel and Winkler, Robert},
  journal   = {Journal of forecasting},
  title     = {The accuracy of extrapolation (time series) methods: Results of a forecasting competition},
  year      = {1982},
  number    = {2},
  pages     = {111--153},
  volume    = {1},
  publisher = {Wiley Online Library},
}

@Article{kohara1997stock,
  author    = {Kohara, Kazuhiro and Ishikawa, Tsutomu and Fukuhara, Yoshimi and Nakamura, Yukihiro},
  journal   = {Intelligent Systems in Accounting, Finance \& Management},
  title     = {Stock price prediction using prior knowledge and neural networks},
  year      = {1997},
  number    = {1},
  pages     = {11--22},
  volume    = {6},
  publisher = {Wiley Online Library},
}

@Article{ampomah2020evaluation,
  author    = {Ampomah, Ernest Kwame and Qin, Zhiguang and Nyame, Gabriel},
  journal   = {Information},
  title     = {Evaluation of tree-based ensemble machine learning models in predicting stock price direction of movement},
  year      = {2020},
  number    = {6},
  pages     = {332},
  volume    = {11},
  publisher = {Multidisciplinary Digital Publishing Institute},
}

@Article{nti2020comprehensive,
  author    = {Nti, Isaac Kofi and Adekoya, Adebayo Felix and Weyori, Benjamin Asubam},
  journal   = {Journal of Big Data},
  title     = {A comprehensive evaluation of ensemble learning for stock-market prediction},
  year      = {2020},
  number    = {1},
  pages     = {1--40},
  volume    = {7},
  publisher = {SpringerOpen},
}

@Article{shively2003nonlinear,
  author    = {Shively, Philip A},
  journal   = {The Quarterly Review of Economics and Finance},
  title     = {The nonlinear dynamics of stock prices},
  year      = {2003},
  number    = {3},
  pages     = {505--517},
  volume    = {43},
  publisher = {Elsevier},
}

@Article{malkiel2003efficient,
  author  = {Malkiel, Burton G},
  journal = {Journal of economic perspectives},
  title   = {The efficient market hypothesis and its critics},
  year    = {2003},
  number  = {1},
  pages   = {59--82},
  volume  = {17},
}

@Article{biondo2013random,
  author    = {Biondo, Alessio Emanuele and Pluchino, Alessandro and Rapisarda, Andrea and Helbing, Dirk},
  journal   = {PloS one},
  title     = {Are random trading strategies more successful than technical ones?},
  year      = {2013},
  number    = {7},
  pages     = {e68344},
  volume    = {8},
  publisher = {Public Library of Science San Francisco, USA},
}

@InProceedings{white1988economic,
  author    = {White, Halbert},
  booktitle = {ICNN},
  title     = {Economic prediction using neural networks: The case of IBM daily stock returns},
  year      = {1988},
  pages     = {451--458},
  volume    = {2},
}

@InProceedings{kimoto1990stock,
  author       = {Kimoto, Takashi and Asakawa, Kazuo and Yoda, Morio and Takeoka, Masakazu},
  booktitle    = {1990 IJCNN international joint conference on neural networks},
  title        = {Stock market prediction system with modular neural networks},
  year         = {1990},
  organization = {IEEE},
  pages        = {1--6},
}

@InProceedings{nguyen2015topic,
  author    = {Nguyen, Thien Hai and Shirai, Kiyoaki},
  booktitle = {Proceedings of the 53rd Annual Meeting of the Association for Computational Linguistics and the 7th International Joint Conference on Natural Language Processing (Volume 1: Long Papers)},
  title     = {Topic modeling based sentiment analysis on social media for stock market prediction},
  year      = {2015},
  pages     = {1354--1364},
}

@Comment{jabref-meta: databaseType:bibtex;}
