%% Saved with string encoding Unicode (UTF-8) 

% Encoding: UTF-8

@Article{Russell2002,
  author = {Russell, Stuart and Norvig, Peter},
  title  = {Artificial intelligence: a modern approach},
  year   = {2002},
}
@book{abdi1999neural,
  title={Neural networks},
  author={Abdi, Herv{\'e} and Valentin, Dominique and Edelman, Betty},
  number={124},
  year={1999},
  publisher={Sage}
}

@book{goodfellow2016deep,
  title={Deep learning},
  author={Goodfellow, Ian and Bengio, Yoshua and Courville, Aaron},
  year={2016},
  publisher={MIT press}
}


@inproceedings{zhang2018improved,
  title={Improved adam optimizer for deep neural networks},
  author={Zhang, Zijun},
  booktitle={2018 IEEE/ACM 26th international symposium on quality of service (IWQoS)},
  pages={1--2},
  year={2018},
  organization={Ieee}
}

@article{srivastava2014dropout,
  title={Dropout: a simple way to prevent neural networks from overfitting},
  author={Srivastava, Nitish and Hinton, Geoffrey and Krizhevsky, Alex and Sutskever, Ilya and Salakhutdinov, Ruslan},
  journal={The journal of machine learning research},
  volume={15},
  number={1},
  pages={1929--1958},
  year={2014},
  publisher={JMLR. org}
}
@article{diaz2017effective,
  title={An effective algorithm for hyperparameter optimization of neural networks},
  author={Diaz, Gonzalo I and Fokoue-Nkoutche, Achille and Nannicini, Giacomo and Samulowitz, Horst},
  journal={IBM Journal of Research and Development},
  volume={61},
  number={5},
  pages={9--1},
  year={2017},
  publisher={IBM}
}

@article{paradarami2017hybrid,
  title={A hybrid recommender system using artificial neural networks},
  author={Paradarami, Tulasi K and Bastian, Nathaniel D and Wightman, Jennifer L},
  journal={Expert Systems with Applications},
  volume={83},
  pages={300--313},
  year={2017},
  publisher={Elsevier}
}

@book{gurney2018introduction,
  title={An introduction to neural networks},
  author={Gurney, Kevin},
  year={2018},
  publisher={CRC press}
}

@book{jannach2010recommender,
  title={Recommender systems: an introduction},
  author={Jannach, Dietmar and Zanker, Markus and Felfernig, Alexander and Friedrich, Gerhard},
  year={2010},
  publisher={Cambridge University Press}
}

@article{sintef2013bigdata,
author = {SINTEF},
title = {Big Data, for better or worse: 90% of world's data generated over last two years},
year = {2013},
journal = {ScienceDaily},
url = {[www.sciencedaily.com/releases/2013/05/130522085217.htm](http://www.sciencedaily.com/releases/2013/05/130522085217.htm)},
urldate = {2023-08-17}
}

@article{bawden2020information,
title={Information overload: An overview},
author={Bawden, David and Robinson, Lyn},
year={2020},
publisher={Oxford University Press}
}

@inproceedings{o2005trust,
  title={Trust in recommender systems},
  author={O'Donovan, John and Smyth, Barry},
  booktitle={Proceedings of the 10th international conference on Intelligent user interfaces},
  pages={167--174},
  year={2005}
}

@article{seth2022comparative,
  title={A comparative overview of hybrid recommender systems: Review, challenges, and prospects},
  author={Seth, Rakhi and Sharaff, Aakanksha},
  journal={Data Mining and Machine Learning Applications},
  pages={57--98},
  year={2022},
  publisher={Wiley Online Library}
}



@inproceedings{truong2021multi,
  title={Multi-modal recommender systems: Hands-on exploration},
  author={Truong, Quoc-Tuan and Salah, Aghiles and Lauw, Hady},
  booktitle={Proceedings of the 15th ACM Conference on Recommender Systems},
  pages={834--837},
  year={2021}
}


@article{liu2023multimodal,
  title={Multimodal Recommender Systems: A Survey},
  author={Liu, Qidong and Hu, Jiaxi and Xiao, Yutian and Gao, Jingtong and Zhao, Xiangyu},
  journal={arXiv preprint arXiv:2302.03883},
  year={2023}
}


@inproceedings{he2017neural,
  title={Neural collaborative filtering},
  author={He, Xiangnan and Liao, Lizi and Zhang, Hanwang and Nie, Liqiang and Hu, Xia and Chua, Tat-Seng},
  booktitle={Proceedings of the 26th international conference on world wide web},
  pages={173--182},
  year={2017}
}



@article{steck2021deep,
  title={Deep learning for recommender systems: A Netflix case study},
  author={Steck, Harald and Baltrunas, Linas and Elahi, Ehtsham and Liang, Dawen and Raimond, Yves and Basilico, Justin},
  journal={AI Magazine},
  volume={42},
  number={3},
  pages={7--18},
  year={2021}
}




@article{aivazoglou2020fine,
  title={A fine-grained social network recommender system},
  author={Aivazoglou, Markos and Roussos, Antonios O and Margaris, Dionisis and Vassilakis, Costas and Ioannidis, Sotiris and Polakis, Jason and Spiliotopoulos, Dimitris},
  journal={Social Network Analysis and Mining},
  volume={10},
  pages={1--18},
  year={2020},
  publisher={Springer}
}



@article{mckinsey_personalization_2021,
title = {The value of getting personalization right—or wrong—is multiplying},
url = {https://www.mckinsey.com/capabilities/growth-marketing-and-sales/our-insights/the-value-of-getting-personalization-right-or-wrong-is-multiplying},
author = {McKinsey \& Company},
year = {2021},
month = {June},
note = {Accessed on 17 Dec 2023}
}



@inproceedings{schafer1999recommender,
  title={Recommender systems in e-commerce},
  author={Schafer, J Ben and Konstan, Joseph and Riedl, John},
  booktitle={Proceedings of the 1st ACM conference on Electronic commerce},
  pages={158--166},
  year={1999}
}


@article{reichheld1993loyalty,
  title={Loyalty-based management.},
  author={Reichheld, Frederick F},
  journal={Harvard business review},
  volume={71},
  number={2},
  pages={64--73},
  year={1993}
}




@article{yang2013itravel,
  title={iTravel: A recommender system in mobile peer-to-peer environment},
  author={Yang, Wan-Shiou and Hwang, San-Yih},
  journal={Journal of Systems and Software},
  volume={86},
  number={1},
  pages={12--20},
  year={2013},
  publisher={Elsevier}
}



@article{loh2003tourism,
  title={A tourism recommender system based on collaboration and text analysis},
  author={Loh, Stanley and Lorenzi, Fabiana and Salda{\~n}a, Ramiro and Licthnow, Daniel},
  journal={Information Technology \& Tourism},
  volume={6},
  number={3},
  pages={157--165},
  year={2003},
  publisher={Cognizant Communication Corporation}
}



@article{cheung2003mining,
  title={Mining customer product ratings for personalized marketing},
  author={Cheung, Kwok-Wai and Kwok, James T and Law, Martin H and Tsui, Kwok-Ching},
  journal={Decision Support Systems},
  volume={35},
  number={2},
  pages={231--243},
  year={2003},
  publisher={Elsevier}
}



@inproceedings{ghani2002building,
  title={Building recommender systems using a knowledge base of product semantics},
  author={Ghani, Rayid and Fano, Andrew},
  booktitle={Proceedings of the Workshop on Recommendation and Personalization in ECommerce at the 2nd International Conference on Adaptive Hypermedia and Adaptive Web based Systems},
  pages={27--29},
  year={2002},
  organization={Citeseer}
}


@article{perez2013collective,
  title={Collective intelligence as mechanism of medical diagnosis: The iPixel approach},
  author={P{\'e}rez-Gallardo, Yuliana and Alor-Hern{\'a}ndez, Giner and Cortes-Robles, Guillermo and Rodr{\'\i}guez-Gonz{\'a}lez, Alejandro},
  journal={Expert systems with applications},
  volume={40},
  number={7},
  pages={2726--2737},
  year={2013},
  publisher={Elsevier}
}


@article{bogdanov2013semantic,
  title={Semantic audio content-based music recommendation and visualization based on user preference examples},
  author={Bogdanov, Dmitry and Haro, Mart{\'\i}n and Fuhrmann, Ferdinand and Xamb{\'o}, Anna and G{\'o}mez, Emilia and Herrera, Perfecto},
  journal={Information Processing \& Management},
  volume={49},
  number={1},
  pages={13--33},
  year={2013},
  publisher={Elsevier}
}


@article{brynjolfsson2003consumer,
  title={Consumer surplus in the digital economy: Estimating the value of increased product variety at online booksellers},
  author={Brynjolfsson, Erik and Hu, Yu and Smith, Michael D},
  journal={Management science},
  volume={49},
  number={11},
  pages={1580--1596},
  year={2003},
  publisher={INFORMS}
}


@article{schafer2001commerce,
  title={E-commerce recommendation applications},
  author={Schafer, J Ben and Konstan, Joseph A and Riedl, John},
  journal={Data mining and knowledge discovery},
  volume={5},
  pages={115--153},
  year={2001},
  publisher={Springer}
}



@article{chen2004impact,
  title={The impact of online recommendations and consumer feedback on sales},
  author={Chen, Pei-Yu and Wu, Shin-yi and Yoon, Jungsun},
  year={2004}
}



@inproceedings{bennett2007netflix,
  title={The netflix prize},
  author={Bennett, James and Lanning, Stan and others},
  booktitle={Proceedings of KDD cup and workshop},
  volume={2007},
  pages={35},
  year={2007},
  organization={New York}
}


@article{weibull1951statistical,
  title={A statistical distribution function of wide applicability},
  author={Weibull, Waloddi},
  journal={Journal of applied mechanics},
  year={1951}
}

@inproceedings{da2018effects,
  title={Effects of data sparsity on recommender systems based on collaborative filtering},
  author={da Silva, Joao Felipe Guedes and de Moura Junior, Natanael Nunes and Caloba, Luiz Pereira},
  booktitle={2018 International Joint Conference on Neural Networks (IJCNN)},
  pages={1--8},
  year={2018},
  organization={IEEE}
}

@article{leung2003tuning,
  title={Tuning of the structure and parameters of a neural network using an improved genetic algorithm},
  author={Leung, Frank Hung-Fat and Lam, Hak-Keung and Ling, Sai-Ho and Tam, Peter Kwong-Shun},
  journal={IEEE Transactions on Neural networks},
  volume={14},
  number={1},
  pages={79--88},
  year={2003},
  publisher={IEEE}
}

@article{lecun2015deep,
  title={Deep learning},
  author={LeCun, Yann and Bengio, Yoshua and Hinton, Geoffrey},
  journal={nature},
  volume={521},
  number={7553},
  pages={436--444},
  year={2015},
  publisher={Nature Publishing Group UK London}
}


@inproceedings{lee2009convolutional,
  title={Convolutional deep belief networks for scalable unsupervised learning of hierarchical representations},
  author={Lee, Honglak and Grosse, Roger and Ranganath, Rajesh and Ng, Andrew Y},
  booktitle={Proceedings of the 26th annual international conference on machine learning},
  pages={609--616},
  year={2009}
}

@article{bergstra2011algorithms,
  title={Algorithms for hyper-parameter optimization},
  author={Bergstra, James and Bardenet, R{\'e}mi and Bengio, Yoshua and K{\'e}gl, Bal{\'a}zs},
  journal={Advances in neural information processing systems},
  volume={24},
  year={2011}
}
@article{huang2004applying,
  title={Applying associative retrieval techniques to alleviate the sparsity problem in collaborative filtering},
  author={Huang, Zan and Chen, Hsinchun and Zeng, Daniel},
  journal={ACM Transactions on Information Systems (TOIS)},
  volume={22},
  number={1},
  pages={116--142},
  year={2004},
  publisher={ACM New York, NY, USA}
}



@inproceedings{sarwar2002incremental,
  title={Incremental singular value decomposition algorithms for highly scalable recommender systems},
  author={Sarwar, Badrul and Karypis, George and Konstan, Joseph and Riedl, John},
  booktitle={Fifth international conference on computer and information science},
  volume={1},
  number={012002},
  pages={27--8},
  year={2002},
  organization={Citeseer}
}



@article{zhang2013crossing,
  title={Crossing recommendation based on multi-B 2 C behavior},
  author={Zhang, Liang and Bai, Lin-Sen and Zhou, Tao},
  journal={Journal of University of Electronic Science and Technology of China},
  volume={42},
  number={1},
  pages={154--160},
  year={2013},
  publisher={University of Electronic Science and Technology of China}
}



@inproceedings{mcnee2006being,
  title={Being accurate is not enough: how accuracy metrics have hurt recommender systems},
  author={McNee, Sean M and Riedl, John and Konstan, Joseph A},
  booktitle={CHI'06 extended abstracts on Human factors in computing systems},
  pages={1097--1101},
  year={2006}
}



@inproceedings{smyth2001similarity,
  title={Similarity vs. diversity},
  author={Smyth, Barry and McClave, Paul},
  booktitle={International conference on case-based reasoning},
  pages={347--361},
  year={2001},
  organization={Springer}
}



@inproceedings{ziegler2005improving,
  title={Improving recommendation lists through topic diversification},
  author={Ziegler, Cai-Nicolas and McNee, Sean M and Konstan, Joseph A and Lausen, Georg},
  booktitle={Proceedings of the 14th international conference on World Wide Web},
  pages={22--32},
  year={2005}
}



@article{hurley2011novelty,
  title={Novelty and diversity in top-n recommendation--analysis and evaluation},
  author={Hurley, Neil and Zhang, Mi},
  journal={ACM Transactions on Internet Technology (TOIT)},
  volume={10},
  number={4},
  pages={1--30},
  year={2011},
  publisher={ACM New York, NY, USA}
}


@article{zhou2010solving,
  title={Solving the apparent diversity-accuracy dilemma of recommender systems},
  author={Zhou, Tao and Kuscsik, Zolt{\'a}n and Liu, Jian-Guo and Medo, Mat{\'u}{\v{s}} and Wakeling, Joseph Rushton and Zhang, Yi-Cheng},
  journal={Proceedings of the National Academy of Sciences},
  volume={107},
  number={10},
  pages={4511--4515},
  year={2010},
  publisher={National Acad Sciences}
}




@article{mobasher2007toward,
  title={Toward trustworthy recommender systems: An analysis of attack models and algorithm robustness},
  author={Mobasher, Bamshad and Burke, Robin and Bhaumik, Runa and Williams, Chad},
  journal={ACM Transactions on Internet Technology (TOIT)},
  volume={7},
  number={4},
  pages={23--es},
  year={2007},
  publisher={ACM New York, NY, USA}
}

@article{liu2014promoting,
  title={Promoting cold-start items in recommender systems},
  author={Liu, Jin-Hu and Zhou, Tao and Zhang, Zi-Ke and Yang, Zimo and Liu, Chuang and Li, Wei-Min},
  journal={PloS one},
  volume={9},
  number={12},
  pages={e113457},
  year={2014},
  publisher={Public Library of Science San Francisco, USA}
}

@inproceedings{lam2006you,
  title={Do you trust your recommendations? An exploration of security and privacy issues in recommender systems},
  author={Lam, Shyong K“Tony” and Frankowski, Dan and Riedl, John},
  booktitle={International conference on emerging trends in information and communication security},
  pages={14--29},
  year={2006},
  organization={Springer}
}

@article{burke2002hybrid,
  title={Hybrid recommender systems: Survey and experiments},
  author={Burke, Robin},
  journal={User modeling and user-adapted interaction},
  volume={12},
  pages={331--370},
  year={2002},
  publisher={Springer}
}

@inproceedings{cremonesi2010performance,
  title={Performance of recommender algorithms on top-n recommendation tasks},
  author={Cremonesi, Paolo and Koren, Yehuda and Turrin, Roberto},
  booktitle={Proceedings of the fourth ACM conference on Recommender systems},
  pages={39--46},
  year={2010}
}

@article{madadipouya2017literature,
  title={A literature review on recommender systems algorithms, techniques and evaluations},
  author={Madadipouya, Kasra and Chelliah, Sivananthan},
  journal={BRAIN. Broad Research in Artificial Intelligence and Neuroscience},
  volume={8},
  number={2},
  pages={109--124},
  year={2017}
}

@article{lika2014facing,
  title={Facing the cold start problem in recommender systems},
  author={Lika, Blerina and Kolomvatsos, Kostas and Hadjiefthymiades, Stathes},
  journal={Expert systems with applications},
  volume={41},
  number={4},
  pages={2065--2073},
  year={2014},
  publisher={Elsevier}
}

@article{burke2015robust,
  title={Robust collaborative recommendation},
  author={Burke, Robin and O’Mahony, Michael P and Hurley, Neil J},
  journal={Recommender systems handbook},
  pages={961--995},
  year={2015},
  publisher={Springer}
}

@inproceedings{sinha2002role,
  title={The role of transparency in recommender systems},
  author={Sinha, Rashmi and Swearingen, Kirsten},
  booktitle={CHI'02 extended abstracts on Human factors in computing systems},
  pages={830--831},
  year={2002}
}

@article{cooke2002marketing,
  title={Marketing the unfamiliar: the role of context and item-specific information in electronic agent recommendations},
  author={Cooke, Alan DJ and Sujan, Harish and Sujan, Mita and Weitz, Barton A},
  journal={Journal of marketing research},
  volume={39},
  number={4},
  pages={488--497},
  year={2002},
  publisher={SAGE Publications Sage CA: Los Angeles, CA}
}

@article{song2010limits,
  title={Limits of predictability in human mobility},
  author={Song, Chaoming and Qu, Zehui and Blumm, Nicholas and Barab{\'a}si, Albert-L{\'a}szl{\'o}},
  journal={Science},
  volume={327},
  number={5968},
  pages={1018--1021},
  year={2010},
  publisher={American Association for the Advancement of Science}
}
@article{taboada2011lexicon,
  title={Lexicon-based methods for sentiment analysis},
  author={Taboada, Maite and Brooke, Julian and Tofiloski, Milan and Voll, Kimberly and Stede, Manfred},
  journal={Computational linguistics},
  volume={37},
  number={2},
  pages={267--307},
  year={2011},
  publisher={MIT Press One Rogers Street, Cambridge, MA 02142-1209, USA journals-info~…}
}

@article{kazmaier2022power,
  title={The power of ensemble learning in sentiment analysis},
  author={Kazmaier, Jacqueline and Van Vuuren, Jan H},
  journal={Expert Systems with Applications},
  volume={187},
  pages={115819},
  year={2022},
  publisher={Elsevier}
}

@article{agarwal2016machine,
  title={Machine learning approach for sentiment analysis},
  author={Agarwal, Basant and Mittal, Namita and Agarwal, Basant and Mittal, Namita},
  journal={Prominent feature extraction for sentiment analysis},
  pages={21--45},
  year={2016},
  publisher={Springer}
}
















@inproceedings{gharatkar2017review,
  title={Review preprocessing using data cleaning and stemming technique},
  author={Gharatkar, Sandesh and Ingle, Aakash and Naik, Tanmay and Save, Ashwini},
  booktitle={2017 international conference on innovations in information, embedded and communication systems (ICIIECS)},
  pages={1--4},
  year={2017},
  organization={IEEE}
}
@inproceedings{collins2019document,
  title={Document embeddings vs. keyphrases vs. terms for recommender systems: a large-scale online evaluation},
  author={Collins, Andrew and Beel, Joeran},
  booktitle={2019 ACM/IEEE Joint Conference on Digital Libraries (JCDL)},
  pages={130--133},
  year={2019},
  organization={IEEE}
}

@inproceedings{pasricha2018translation,
  title={Translation-based factorization machines for sequential recommendation},
  author={Pasricha, Rajiv and McAuley, Julian},
  booktitle={Proceedings of the 12th ACM Conference on Recommender Systems},
  pages={63--71},
  year={2018}
}

@inproceedings{mcauley2013hidden,
  title={Hidden factors and hidden topics: understanding rating dimensions with review text},
  author={McAuley, Julian and Leskovec, Jure},
  booktitle={Proceedings of the 7th ACM conference on Recommender systems},
  pages={165--172},
  year={2013}
}

@article{singh2020scalability,
  title={Scalability and sparsity issues in recommender datasets: a survey},
  author={Singh, Monika},
  journal={Knowledge and Information Systems},
  volume={62},
  number={1},
  pages={1--43},
  year={2020},
  publisher={Springer}
}

@inproceedings{cho2011friendship,
  title={Friendship and mobility: user movement in location-based social networks},
  author={Cho, Eunjoon and Myers, Seth A and Leskovec, Jure},
  booktitle={Proceedings of the 17th ACM SIGKDD international conference on Knowledge discovery and data mining},
  pages={1082--1090},
  year={2011}
}

@inproceedings{zheng2010collaborative,
  title={Collaborative location and activity recommendations with gps history data},
  author={Zheng, Vincent W and Zheng, Yu and Xie, Xing and Yang, Qiang},
  booktitle={Proceedings of the 19th international conference on World wide web},
  pages={1029--1038},
  year={2010}
}


@article{clements2011personalised,
  title={Personalised travel recommendation based on location co-occurrence},
  author={Clements, Maarten and Serdyukov, Pavel and de Vries, Arjen P and Reinders, Marcel JT},
  journal={arXiv preprint arXiv:1106.5213},
  year={2011}
}

@article{zhang2012behavior,
  title={Behavior patterns of online users and the effect on information filtering},
  author={Zhang, Cheng-Jun and Zeng, An},
  journal={Physica A: Statistical Mechanics and its Applications},
  volume={391},
  number={4},
  pages={1822--1830},
  year={2012},
  publisher={Elsevier}
}

@article{chen2012critiquing,
  title={Critiquing-based recommenders: survey and emerging trends},
  author={Chen, Li and Pu, Pearl},
  journal={User Modeling and User-Adapted Interaction},
  volume={22},
  pages={125--150},
  year={2012},
  publisher={Springer}
}

@inproceedings{claypool1999combing,
  title={Combing content-based and collaborative filters in an online newspaper},
  author={Claypool, Mark and Gokhale, Anuja and Miranda, Tim and Murnikov, Paul and Netes, Dmitry and Sartin, Matthew},
  booktitle={Proc. of Workshop on Recommender Systems-Implementation and Evaluation},
  year={1999}
}

@inproceedings{schein2002methods,
  title={Methods and metrics for cold-start recommendations},
  author={Schein, Andrew I and Popescul, Alexandrin and Ungar, Lyle H and Pennock, David M},
  booktitle={Proceedings of the 25th annual international ACM SIGIR conference on Research and development in information retrieval},
  pages={253--260},
  year={2002}
}


@article{burke2007hybrid,
  title={Hybrid web recommender systems},
  author={Burke, Robin},
  journal={The adaptive web: methods and strategies of web personalization},
  pages={377--408},
  year={2007},
  publisher={Springer}
}

@misc{carlin1997bayes,
  title={Bayes and empirical Bayes methods for data analysis},
  author={Carlin, Bradley P and Louis, Thomas A},
  year={1997},
  publisher={Springer}
}

@incollection{schafer2007collaborative,
  title={Collaborative filtering recommender systems},
  author={Schafer, J Ben and Frankowski, Dan and Herlocker, Jon and Sen, Shilad},
  booktitle={The adaptive web: methods and strategies of web personalization},
  pages={291--324},
  year={2007},
  publisher={Springer}
}

@inproceedings{leino2007case,
  title={Case amazon: ratings and reviews as part of recommendations},
  author={Leino, Juha and Raiha, Kari-Jouko},
  booktitle={Proceedings of the 2007 ACM conference on Recommender systems},
  pages={137--140},
  year={2007}
}

@article{manfei2017differences,
  title={The differences and similarities between two-sample t-test and paired t-test},
  author={Manfei, XU and Fralick, Drew and Zheng, Julia Z and Wang, Bokai and Changyong, FENG and others},
  journal={Shanghai archives of psychiatry},
  volume={29},
  number={3},
  pages={184},
  year={2017},
  publisher={Shanghai Mental Health Center}
}


@article{goldberg1992using,
  title={Using collaborative filtering to weave an information tapestry},
  author={Goldberg, David and Nichols, David and Oki, Brian M and Terry, Douglas},
  journal={Communications of the ACM},
  volume={35},
  number={12},
  pages={61--70},
  year={1992},
  publisher={ACM New York, NY, USA}
}

@article{konstan1997grouplens,
  title={Grouplens: Applying collaborative filtering to usenet news},
  author={Konstan, Joseph A and Miller, Bradley N and Maltz, David and Herlocker, Jonathan L and Gordon, Lee R and Riedl, John},
  journal={Communications of the ACM},
  volume={40},
  number={3},
  pages={77--87},
  year={1997},
  publisher={ACM New York, NY, USA}
}

@article{resnick1997recommender,
  title={Recommender systems},
  author={Resnick, Paul and Varian, Hal R},
  journal={Communications of the ACM},
  volume={40},
  number={3},
  pages={56--58},
  year={1997},
  publisher={ACM New York, NY, USA}
}

@inproceedings{mcnee2006being,
  title={Being accurate is not enough: how accuracy metrics have hurt recommender systems},
  author={McNee, Sean M and Riedl, John and Konstan, Joseph A},
  booktitle={CHI'06 extended abstracts on Human factors in computing systems},
  pages={1097--1101},
  year={2006}
}

@inproceedings{rashid2002getting,
  title={Getting to know you: learning new user preferences in recommender systems},
  author={Rashid, Al Mamunur and Albert, Istvan and Cosley, Dan and Lam, Shyong K and McNee, Sean M and Konstan, Joseph A and Riedl, John},
  booktitle={Proceedings of the 7th international conference on Intelligent user interfaces},
  pages={127--134},
  year={2002}
}

@article{linden2003amazon,
title={Amazon. com recommendations: Item-to-item collaborative filtering},
author={Linden, Greg and Smith, Brent and York, Jeremy},
journal={IEEE Internet computing},
volume={7},
number={1},
pages={76--80},
year={2003}
}

@inproceedings{steck2013evaluation,
  title={Evaluation of recommendations: rating-prediction and ranking},
  author={Steck, Harald},
  booktitle={Proceedings of the 7th ACM conference on Recommender systems},
  pages={213--220},
  year={2013}
}
@inproceedings{resnick1994grouplens,
  title={Grouplens: An open architecture for collaborative filtering of netnews},
  author={Resnick, Paul and Iacovou, Neophytos and Suchak, Mitesh and Bergstrom, Peter and Riedl, John},
  booktitle={Proceedings of the 1994 ACM conference on Computer supported cooperative work},
  pages={175--186},
  year={1994}
}

@inproceedings{jia2015user,
  title={User-based collaborative filtering for tourist attraction recommendations},
  author={Jia, Zhiyang and Yang, Yuting and Gao, Wei and Chen, Xu},
  booktitle={2015 IEEE international conference on computational intelligence \& communication technology},
  pages={22--25},
  year={2015},
  organization={IEEE}
}

@article{herlocker2002empirical,
  title={An empirical analysis of design choices in neighborhood-based collaborative filtering algorithms},
  author={Herlocker, Jon and Konstan, Joseph A and Riedl, John},
  journal={Information retrieval},
  volume={5},
  pages={287--310},
  year={2002},
  publisher={Springer}
}

@misc{linden2001collaborative,
  title={Collaborative recommendations using item-to-item similarity mappings},
  author={Linden, Gregory D and Jacobi, Jennifer A and Benson, Eric A},
  year={2001},
  month=jul # "~24",
  publisher={Google Patents},
  note={US Patent 6,266,649}
}
@article{smith2017two,
  title={Two decades of recommender systems at Amazon. com},
  author={Smith, Brent and Linden, Greg},
  journal={Ieee internet computing},
  volume={21},
  number={3},
  pages={12--18},
  year={2017},
  publisher={Ieee}
}

@article{zangerle2022evaluating,
  title={Evaluating recommender systems: survey and framework},
  author={Zangerle, Eva and Bauer, Christine},
  journal={ACM computing surveys},
  volume={55},
  number={8},
  pages={1--38},
  year={2022},
  publisher={ACM New York, NY}
}


@inproceedings{davidson2010youtube,
  title={The YouTube video recommendation system},
  author={Davidson, James and Liebald, Benjamin and Liu, Junning and Nandy, Palash and Van Vleet, Taylor and Gargi, Ullas and Gupta, Sujoy and He, Yu and Lambert, Mike and Livingston, Blake and others},
  booktitle={Proceedings of the fourth ACM conference on Recommender systems},
  pages={293--296},
  year={2010}
}

@inproceedings{sharma2015estimating,
  title={Estimating the causal impact of recommendation systems from observational data},
  author={Sharma, Amit and Hofman, Jake M and Watts, Duncan J},
  booktitle={Proceedings of the Sixteenth ACM Conference on Economics and Computation},
  pages={453--470},
  year={2015}
}



@article{gomez2015netflix,
  title={The netflix recommender system: Algorithms, business value, and innovation},
  author={Gomez-Uribe, Carlos A and Hunt, Neil},
  journal={ACM Transactions on Management Information Systems (TMIS)},
  volume={6},
  number={4},
  pages={1--19},
  year={2015},
  publisher={ACM New York, NY, USA}
}

@inproceedings{ge2010beyond,
  title={Beyond accuracy: evaluating recommender systems by coverage and serendipity},
  author={Ge, Mouzhi and Delgado-Battenfeld, Carla and Jannach, Dietmar},
  booktitle={Proceedings of the fourth ACM conference on Recommender systems},
  pages={257--260},
  year={2010}
}

@inproceedings{adamopoulos2013beyond,
  title={Beyond rating prediction accuracy: on new perspectives in recommender systems},
  author={Adamopoulos, Panagiotis},
  booktitle={Proceedings of the 7th ACM conference on Recommender systems},
  pages={459--462},
  year={2013}
}

@inproceedings{zhang2006learning,
  title={Learning from incomplete ratings using non-negative matrix factorization},
  author={Zhang, Sheng and Wang, Weihong and Ford, James and Makedon, Fillia},
  booktitle={Proceedings of the 2006 SIAM international conference on data mining},
  pages={549--553},
  year={2006},
  organization={SIAM}
}


@article{shapira2022recommender,
  title={Recommender systems handbook},
  author={Shapira, Bracha and Rokach, Lior and Ricci, Francessco},
  year={2022},
  publisher={Springert}
}

@article{lee2000algorithms,
  title={Algorithms for non-negative matrix factorization},
  author={Lee, Daniel and Seung, H Sebastian},
  journal={Advances in neural information processing systems},
  volume={13},
  year={2000}
}

@inproceedings{koren2009collaborative,
  title={Collaborative filtering with temporal dynamics},
  author={Koren, Yehuda},
  booktitle={Proceedings of the 15th ACM SIGKDD international conference on Knowledge discovery and data mining},
  pages={447--456},
  year={2009}
}

@article{adomavicius2005toward,
  title={Toward the next generation of recommender systems: A survey of the state-of-the-art and possible extensions},
  author={Adomavicius, Gediminas and Tuzhilin, Alexander},
  journal={IEEE transactions on knowledge and data engineering},
  volume={17},
  number={6},
  pages={734--749},
  year={2005},
  publisher={IEEE}
}

@inproceedings{chien1999bayesian,
  title={A bayesian model for collaborative filtering.},
  author={Chien, Yung-Hsin and George, Edward I},
  booktitle={AISTATS},
  year={1999},
  organization={Citeseer}
}

@inproceedings{getoor1999using,
  title={Using probabilistic relational models for collaborative filtering},
  author={Getoor, Lise and Sahami, Mehran and others},
  booktitle={Workshop on Web Usage Analysis and User Profiling (WEBKDD'99)},
  pages={1--6},
  year={1999}
}


@article{marlin2003modeling,
  title={Modeling user rating profiles for collaborative filtering},
  author={Marlin, Benjamin M},
  journal={Advances in neural information processing systems},
  volume={16},
  year={2003}
}

@article{koren2009matrix,
  title={Matrix factorization techniques for recommender systems},
  author={Koren, Yehuda and Bell, Robert and Volinsky, Chris},
  journal={Computer},
  volume={42},
  number={8},
  pages={30--37},
  year={2009},
  publisher={IEEE}
}

@article{shani2011evaluating,
  title={Evaluating recommendation systems},
  author={Shani, Guy and Gunawardana, Asela},
  journal={Recommender systems handbook},
  pages={257--297},
  year={2011},
  publisher={Springer}
}

@article{symeonidis2008collaborative,
  title={Collaborative recommender systems: Combining effectiveness and efficiency},
  author={Symeonidis, Panagiotis and Nanopoulos, Alexandros and Papadopoulos, Apostolos N and Manolopoulos, Yannis},
  journal={Expert Systems with Applications},
  volume={34},
  number={4},
  pages={2995--3013},
  year={2008},
  publisher={Elsevier}
}


@inproceedings{hill1995recommending,
  title={Recommending and evaluating choices in a virtual community of use},
  author={Hill, Will and Stead, Larry and Rosenstein, Mark and Furnas, George},
  booktitle={Proceedings of the SIGCHI conference on Human factors in computing systems},
  pages={194--201},
  year={1995}
}

@inproceedings{shardanand1995social,
  title={Social information filtering: Algorithms for automating “word of mouth”},
  author={Shardanand, Upendra and Maes, Pattie},
  booktitle={Proceedings of the SIGCHI conference on Human factors in computing systems},
  pages={210--217},
  year={1995}
}


@article{breese2013empirical,
  title={Empirical analysis of predictive algorithms for collaborative filtering},
  author={Breese, John S and Heckerman, David and Kadie, Carl},
  journal={arXiv preprint arXiv:1301.7363},
  year={2013}
}



@article{pennock2013collaborative,
  title={Collaborative filtering by personality diagnosis: A hybrid memory-and model-based approach},
  author={Pennock, David M and Horvitz, Eric J and Lawrence, Steve and Giles, C Lee},
  journal={arXiv preprint arXiv:1301.3885},
  year={2013}
}

@inproceedings{sheth1993evolving,
  title={Evolving agents for personalized information filtering},
  author={Sheth, Beerud and Maes, Pattie},
  booktitle={Proceedings of 9th ieee conference on artificial intelligence for applications},
  pages={345--352},
  year={1993},
  organization={IEEE}
}


@article{billsus2000user,
  title={User modeling for adaptive news access},
  author={Billsus, Daniel and Pazzani, Michael J},
  journal={User modeling and user-adapted interaction},
  volume={10},
  pages={147--180},
  year={2000},
  publisher={Springer}
}

@inproceedings{cheng2016wide,
  title={Wide \& deep learning for recommender systems},
  author={Cheng, Heng-Tze and Koc, Levent and Harmsen, Jeremiah and Shaked, Tal and Chandra, Tushar and Aradhye, Hrishi and Anderson, Glen and Corrado, Greg and Chai, Wei and Ispir, Mustafa and others},
  booktitle={Proceedings of the 1st workshop on deep learning for recommender systems},
  pages={7--10},
  year={2016}
}

@inproceedings{chen2017fully,
  title={Fully content-based movie recommender system with feature extraction using neural network},
  author={Chen, Hung-Wei and Wu, Yi-Leh and Hor, Maw-Kae and Tang, Cheng-Yuan},
  booktitle={2017 International conference on machine learning and cybernetics (ICMLC)},
  volume={2},
  pages={504--509},
  year={2017},
  organization={IEEE}
}


@book{baeza1999modern,
  title={Modern information retrieval},
  author={Baeza-Yates, Ricardo and Ribeiro-Neto, Berthier and others},
  volume={463},
  number={1999},
  year={1999},
  publisher={ACM press New York}
}


@article{lops2011content,
  title={Content-based recommender systems: State of the art and trends},
  author={Lops, Pasquale and De Gemmis, Marco and Semeraro, Giovanni},
  journal={Recommender systems handbook},
  pages={73--105},
  year={2011},
  publisher={Springer}
}




@article{weihong2006commerce,
  title={An E-commerce recommender system based on content-based filtering},
  author={Weihong, He and Yi, Cao},
  journal={Wuhan University Journal of Natural Sciences},
  volume={11},
  pages={1091--1096},
  year={2006},
  publisher={Springer}
}




@article{mladenic1999text,
  title={Text-learning and related intelligent agents: a survey},
  author={Mladenic, Dunja},
  journal={IEEE intelligent systems and their applications},
  volume={14},
  number={4},
  pages={44--54},
  year={1999},
  publisher={IEEE}
}

@article{thorat2015survey,
  title={Survey on collaborative filtering, content-based filtering and hybrid recommendation system},
  author={Thorat, Poonam B and Goudar, Rajeshwari M and Barve, Sunita},
  journal={International Journal of Computer Applications},
  volume={110},
  number={4},
  pages={31--36},
  year={2015},
  publisher={Foundation of Computer Science}
}



@phdthesis{sanchez2013improving,
  title={Improving Collaborative Filtering Based Recommender Systems Using Pareto Dominance},
  author={S{\'a}nchez S{\'a}nchez, Jos{\'e} Luis},
  year={2013},
  school={E\_Informatica}
}

@article{pazzani1999framework,
  title={A framework for collaborative, content-based and demographic filtering},
  author={Pazzani, Michael J},
  journal={Artificial intelligence review},
  volume={13},
  pages={393--408},
  year={1999},
  publisher={Springer}
}

@article{balabanovic1997fab,
  title={Fab: content-based, collaborative recommendation},
  author={Balabanovi{\'c}, Marko and Shoham, Yoav},
  journal={Communications of the ACM},
  volume={40},
  number={3},
  pages={66--72},
  year={1997},
  publisher={ACM New York, NY, USA}
}

@inproceedings{pennington2014glove,
  title={Glove: Global vectors for word representation},
  author={Pennington, Jeffrey and Socher, Richard and Manning, Christopher D},
  booktitle={Proceedings of the 2014 conference on empirical methods in natural language processing (EMNLP)},
  pages={1532--1543},
  year={2014}
}
@article{musto2015word,
  title={Word Embedding Techniques for Content-based Recommender Systems: An Empirical Evaluation.},
  author={Musto, Cataldo and Semeraro, Giovanni and De Gemmis, Marco and Lops, Pasquale},
  journal={Recsys posters},
  volume={1441},
  year={2015},
  publisher={Citeseer}
}


@article{devlin2018bert,
  title={Bert: Pre-training of deep bidirectional transformers for language understanding},
  author={Devlin, Jacob and Chang, Ming-Wei and Lee, Kenton and Toutanova, Kristina},
  journal={arXiv preprint arXiv:1810.04805},
  year={2018}
}


@article{mikolov2013distributed,
  title={Distributed representations of words and phrases and their compositionality},
  author={Mikolov, Tomas and Sutskever, Ilya and Chen, Kai and Corrado, Greg S and Dean, Jeff},
  journal={Advances in neural information processing systems},
  volume={26},
  year={2013}
}

@inproceedings{vassiliou2006recommender,
  title={A recommender system framework combining neural networks \& collaborative filtering},
  author={Vassiliou, Charalampos and Stamoulis, Dimitris and Martakos, Drakoulis and Athanassopoulos, Sotiris},
  booktitle={Proceedings of the 5th WSEAS international conference on Instrumentation, measurement, circuits and systems},
  pages={285--290},
  year={2006}
}

@article{vassiliou2003creating,
title={Creating Adaptive Web Sites Using Personalisation Techniques: A Unified, Integrated Approach and the Role of Evaluation},
author={Vassiliou, Charalampos and Stamoulis, Dimitrios and Spiliotopoulos, Aanastasios and Martakos, Drakoulis},
journal={Adaptive evolutionary information systems},
pages={261--286},
year={2003},
publisher={IGI Global}
}

@article{vassiliou2006hybrid,
  title={A hybrid content-based clustering architecture: minimising uncertainty in personalised multimedia content},
  author={Vassiliou, Charalampos and Stamoulis, Dimitris and Martakos, Drakoulis},
  journal={International Journal of Intelligent Systems Technologies and Applications},
  volume={1},
  number={3-4},
  pages={319--345},
  year={2006},
  publisher={Inderscience Publishers}
}

@book{cherkassky2012statistics,
  title={From statistics to neural networks: theory and pattern recognition applications},
  author={Cherkassky, Vladimir and Friedman, Jerome H and Wechsler, Harry},
  volume={136},
  year={2012},
  publisher={Springer Science \& Business Media}
}

@article{clark1999scientific,
  title={Scientific Applications of Neural Nets},
  author={Clark, John W and Lindenau, Thomas and Ristig, Manfred L},
  journal={Scientific Applications of Neural Nets},
  volume={522},
  year={1999}
}

@article{shoja2019customer,
  title={Customer reviews analysis with deep neural networks for e-commerce recommender systems},
  author={Shoja, Babak Maleki and Tabrizi, Nasseh},
  journal={IEEE access},
  volume={7},
  pages={119121--119130},
  year={2019},
  publisher={IEEE}
}

@article{zhang2019deep,
  title={Deep learning based recommender system: A survey and new perspectives},
  author={Zhang, Shuai and Yao, Lina and Sun, Aixin and Tay, Yi},
  journal={ACM computing surveys (CSUR)},
  volume={52},
  number={1},
  pages={1--38},
  year={2019},
  publisher={ACM New York, NY, USA}
}

@inproceedings{covington2016deep,
  title={Deep neural networks for youtube recommendations},
  author={Covington, Paul and Adams, Jay and Sargin, Emre},
  booktitle={Proceedings of the 10th ACM conference on recommender systems},
  pages={191--198},
  year={2016}
}

@inproceedings{okura2017embedding,
  title={Embedding-based news recommendation for millions of users},
  author={Okura, Shumpei and Tagami, Yukihiro and Ono, Shingo and Tajima, Akira},
  booktitle={Proceedings of the 23rd ACM SIGKDD international conference on knowledge discovery and data mining},
  pages={1933--1942},
  year={2017}
}

@article{hornik1991approximation,
  title={Approximation capabilities of multilayer feedforward networks},
  author={Hornik, Kurt},
  journal={Neural networks},
  volume={4},
  number={2},
  pages={251--257},
  year={1991},
  publisher={Elsevier}
}

@article{dang2021approach,
  title={An approach to integrating sentiment analysis into recommender systems},
  author={Dang, Cach N and Moreno-Garc{\'\i}a, Mar{\'\i}a N and Prieta, Fernando De la},
  journal={Sensors},
  volume={21},
  number={16},
  pages={5666},
  year={2021},
  publisher={MDPI}
}

@article{dang2020sentiment,
  title={Sentiment analysis based on deep learning: A comparative study},
  author={Dang, Nhan Cach and Moreno-Garc{\'\i}a, Mar{\'\i}a N and De la Prieta, Fernando},
  journal={Electronics},
  volume={9},
  number={3},
  pages={483},
  year={2020},
  publisher={Multidisciplinary Digital Publishing Institute}
}

@inproceedings{bhavitha2017comparative,
  title={Comparative study of machine learning techniques in sentimental analysis},
  author={Bhavitha, BK and Rodrigues, Anisha P and Chiplunkar, Niranjan N},
  booktitle={2017 International conference on inventive communication and computational technologies (ICICCT)},
  pages={216--221},
  year={2017},
  organization={IEEE}
}

@inproceedings{koren2008factorization,
  title={Factorization meets the neighborhood: a multifaceted collaborative filtering model},
  author={Koren, Yehuda},
  booktitle={Proceedings of the 14th ACM SIGKDD international conference on Knowledge discovery and data mining},
  pages={426--434},
  year={2008}
}

@inproceedings{wang2015collaborative,
  title={Collaborative deep learning for recommender systems},
  author={Wang, Hao and Wang, Naiyan and Yeung, Dit-Yan},
  booktitle={Proceedings of the 21th ACM SIGKDD international conference on knowledge discovery and data mining},
  pages={1235--1244},
  year={2015}
}


@inproceedings{rendle2010factorization,
  title={Factorization machines},
  author={Rendle, Steffen},
  booktitle={2010 IEEE International conference on data mining},
  pages={995--1000},
  year={2010},
  organization={IEEE}
}

@inproceedings{rendle2011fast,
  title={Fast context-aware recommendations with factorization machines},
  author={Rendle, Steffen and Gantner, Zeno and Freudenthaler, Christoph and Schmidt-Thieme, Lars},
  booktitle={Proceedings of the 34th international ACM SIGIR conference on Research and development in Information Retrieval},
  pages={635--644},
  year={2011}
}

@article{hornik1989multilayer,
  title={Multilayer feedforward networks are universal approximators},
  author={Hornik, Kurt and Stinchcombe, Maxwell and White, Halbert},
  journal={Neural networks},
  volume={2},
  number={5},
  pages={359--366},
  year={1989},
  publisher={Elsevier}
}

@article{zhou2003learning,
  title={Learning with local and global consistency},
  author={Zhou, Dengyong and Bousquet, Olivier and Lal, Thomas and Weston, Jason and Sch{\"o}lkopf, Bernhard},
  journal={Advances in neural information processing systems},
  volume={16},
  year={2003}
}

@inproceedings{hu2014your,
  title={Your neighbors affect your ratings: on geographical neighborhood influence to rating prediction},
  author={Hu, Longke and Sun, Aixin and Liu, Yong},
  booktitle={Proceedings of the 37th international ACM SIGIR conference on Research \& development in information retrieval},
  pages={345--354},
  year={2014}
}



@inproceedings{musat2013recommendation,
  title={Recommendation using textual opinions},
  author={Musat, C-C and Liang, Yizhong and Faltings, Boi},
  booktitle={IJCAI International Joint Conference on Artificial Intelligence},
  number={CONF},
  pages={2684--2690},
  year={2013}
}

@inproceedings{diao2014jointly,
  title={Jointly modeling aspects, ratings and sentiments for movie recommendation (JMARS)},
  author={Diao, Qiming and Qiu, Minghui and Wu, Chao-Yuan and Smola, Alexander J and Jiang, Jing and Wang, Chong},
  booktitle={Proceedings of the 20th ACM SIGKDD international conference on Knowledge discovery and data mining},
  pages={193--202},
  year={2014}
}

@article{srifi2020recommender,
  title={Recommender systems based on collaborative filtering using review texts—a survey},
  author={Srifi, Mehdi and Oussous, Ahmed and Ait Lahcen, Ayoub and Mouline, Salma},
  journal={Information},
  volume={11},
  number={6},
  pages={317},
  year={2020},
  publisher={MDPI}
}

@article{archak2011deriving,
  title={Deriving the pricing power of product features by mining consumer reviews},
  author={Archak, Nikolay and Ghose, Anindya and Ipeirotis, Panagiotis G},
  journal={Management science},
  volume={57},
  number={8},
  pages={1485--1509},
  year={2011},
  publisher={INFORMS}
}

@article{zhang2014urcf,
  title={urCF: user review enhanced collaborative filtering},
  author={Zhang, Zhenxue and Zhang, Dongsong and Lai, Jianwei},
  year={2014}
}

@article{chen2015recommender,
  title={Recommender systems based on user reviews: the state of the art},
  author={Chen, Li and Chen, Guanliang and Wang, Feng},
  journal={User Modeling and User-Adapted Interaction},
  volume={25},
  pages={99--154},
  year={2015},
  publisher={Springer}
}

@inproceedings{chan2011web,
  title={A web service recommender system using vector space model and latent semantic indexing},
  author={Chan, Nguyen Ngoc and Gaaloul, Walid and Tata, Samir},
  booktitle={2011 IEEE International conference on advanced information networking and applications},
  pages={602--609},
  year={2011},
  organization={IEEE}
}

@article{ozsoy2016word,
  title={From word embeddings to item recommendation},
  author={Ozsoy, Makbule Gulcin},
  journal={arXiv preprint arXiv:1601.01356},
  year={2016}
}
@article{ccano2017hybrid,
  title={Hybrid recommender systems: A systematic literature review},
  author={{\c{C}}ano, Erion and Morisio, Maurizio},
  journal={Intelligent data analysis},
  volume={21},
  number={6},
  pages={1487--1524},
  year={2017},
  publisher={IOS Press}
}
@article{hernandez2019comparative,
  title={A comparative analysis of recommender systems based on item aspect opinions extracted from user reviews},
  author={Hern{\'a}ndez-Rubio, Mar{\'\i}a and Cantador, Iv{\'a}n and Bellog{\'\i}n, Alejandro},
  journal={User Modeling and User-Adapted Interaction},
  volume={29},
  number={2},
  pages={381--441},
  year={2019},
  publisher={Springer}
}

@article{singh2020sentiment,
  title={Sentiment analysis: a review and comparative analysis over social media},
  author={Singh, Nikhil Kumar and Tomar, Deepak Singh and Sangaiah, Arun Kumar},
  journal={Journal of Ambient Intelligence and Humanized Computing},
  volume={11},
  number={1},
  pages={97--117},
  year={2020},
  publisher={Springer}
}

@article{shen2019sentiment,
  title={Sentiment based matrix factorization with reliability for recommendation},
  author={Shen, Rong-Ping and Zhang, Heng-Ru and Yu, Hong and Min, Fan},
  journal={Expert Systems with Applications},
  volume={135},
  pages={249--258},
  year={2019},
  publisher={Elsevier}
}

@inproceedings{kim2016convolutional,
  title={Convolutional matrix factorization for document context-aware recommendation},
  author={Kim, Donghyun and Park, Chanyoung and Oh, Jinoh and Lee, Sungyoung and Yu, Hwanjo},
  booktitle={Proceedings of the 10th ACM conference on recommender systems},
  pages={233--240},
  year={2016}
}



@article{desrosiers2010comprehensive,
  title={A comprehensive survey of neighborhood-based recommendation methods},
  author={Desrosiers, Christian and Karypis, George},
  journal={Recommender systems handbook},
  pages={107--144},
  year={2010},
  publisher={Springer}
}



@inproceedings{witten2005practical,
  title={Practical machine learning tools and techniques},
  author={Witten, Ian H and Frank, Eibe and Hall, Mark A and Pal, Christopher J and Data, Mining},
  booktitle={Data mining},
  volume={2},
  number={4},
  pages={403--413},
  year={2005},
  organization={Elsevier Amsterdam, The Netherlands}
}



@inproceedings{sarwar2000analysis,
  title={Analysis of recommendation algorithms for e-commerce},
  author={Sarwar, Badrul and Karypis, George and Konstan, Joseph and Riedl, John},
  booktitle={Proceedings of the 2nd ACM Conference on Electronic Commerce},
  pages={158--167},
  year={2000}
}




@inproceedings{he2016ups,
  title={Ups and downs: Modeling the visual evolution of fashion trends with one-class collaborative filtering},
  author={He, Ruining and McAuley, Julian},
  booktitle={proceedings of the 25th international conference on world wide web},
  pages={507--517},
  year={2016}
}



@article{saravanan2003summarization,
  title={Summarization and categorization of text data in high-level data cleaning for information retrieval},
  author={Saravanan, M and Raj, PC Reghu and Raman, S},
  journal={Applied Artificial Intelligence},
  volume={17},
  number={5-6},
  pages={461--474},
  year={2003},
  publisher={Taylor \& Francis}
}



@article{medhat2014sentiment,
  title={Sentiment analysis algorithms and applications: A survey},
  author={Medhat, Walaa and Hassan, Ahmed and Korashy, Hoda},
  journal={Ain Shams engineering journal},
  volume={5},
  number={4},
  pages={1093--1113},
  year={2014},
  publisher={Elsevier}
}



@inproceedings{hutto2014vader,
  title={Vader: A parsimonious rule-based model for sentiment analysis of social media text},
  author={Hutto, Clayton and Gilbert, Eric},
  booktitle={Proceedings of the international AAAI conference on web and social media},
  volume={8},
  number={1},
  pages={216--225},
  year={2014}
}



@inproceedings{hu2004mining,
  title={Mining and summarizing customer reviews},
  author={Hu, Minqing and Liu, Bing},
  booktitle={Proceedings of the tenth ACM SIGKDD international conference on Knowledge discovery and data mining},
  pages={168--177},
  year={2004}
}



@article{nielsen2011new,
  title={A new ANEW: Evaluation of a word list for sentiment analysis in microblogs},
  author={Nielsen, Finn {\AA}rup},
  journal={arXiv preprint arXiv:1103.2903},
  year={2011}
}



@article{kaushik2018exploring,
  title={Exploring reviews and review sequences on e-commerce platform: A study of helpful reviews on Amazon. in},
  author={Kaushik, Kapil and Mishra, Rajhans and Rana, Nripendra P and Dwivedi, Yogesh K},
  journal={Journal of retailing and Consumer Services},
  volume={45},
  pages={21--32},
  year={2018},
  publisher={Elsevier}
}



@inproceedings{haque2018sentiment,
  title={Sentiment analysis on large scale Amazon product reviews},
  author={Haque, Tanjim Ul and Saber, Nudrat Nawal and Shah, Faisal Muhammad},
  booktitle={2018 IEEE international conference on innovative research and development (ICIRD)},
  pages={1--6},
  year={2018},
  organization={IEEE}
}



@article{skalicky2015statistical,
  title={A statistical analysis of satirical Amazon. com product reviews},
  author={Skalicky, Stephen and Crossley, Scott},
  journal={The European Journal of Humour Research},
  volume={2},
  number={3},
  pages={66--85},
  year={2015}
}



@article{chen2015augmenting,
  title={Augmenting service recommender systems by incorporating contextual opinions from user reviews},
  author={Chen, Guanliang and Chen, Li},
  journal={User Modeling and User-Adapted Interaction},
  volume={25},
  pages={295--329},
  year={2015},
  publisher={Springer}
}



@article{alzoubi2022effect,
  title={The effect of e-payment and online shopping on sales growth: Evidence from banking industry},
  author={Alzoubi, H and Alshurideh, M and Kurdi, B al and Alhyasat, K and Ghazal, T},
  journal={International Journal of Data and Network Science},
  volume={6},
  number={4},
  pages={1369--1380},
  year={2022}
}




@article{buczak2002personalization,
  title={Personalization: Improving ease-of-use, trust and accuracy of a tv show recommender},
  author={Buczak, Anna and Zimmerman, John and Kurapati, Kaushal},
  year={2002},
  publisher={Carnegie Mellon University}
}


@article{herlocker2004evaluating,
  title={Evaluating collaborative filtering recommender systems},
  author={Herlocker, Jonathan L and Konstan, Joseph A and Terveen, Loren G and Riedl, John T},
  journal={ACM Transactions on Information Systems (TOIS)},
  volume={22},
  number={1},
  pages={5--53},
  year={2004},
  publisher={ACM New York, NY, USA}
}



@article{sarwar2000application,
  title={Application of dimensionality reduction in recommender system-a case study},
  author={Sarwar, Badrul and Karypis, George and Konstan, Joseph and Riedl, John T},
  year={2000}
}



@inproceedings{sarwar2001item,
  title={Item-based collaborative filtering recommendation algorithms},
  author={Sarwar, Badrul and Karypis, George and Konstan, Joseph and Riedl, John},
  booktitle={Proceedings of the 10th international conference on World Wide Web},
  pages={285--295},
  year={2001}
}



@inproceedings{herlocker1999algorithmic,
  title={An algorithmic framework for performing collaborative filtering},
  author={Herlocker, Jonathan L and Konstan, Joseph A and Borchers, Al and Riedl, John},
  booktitle={Proceedings of the 22nd annual international ACM SIGIR conference on Research and development in information retrieval},
  pages={230--237},
  year={1999}
}



@article{deshpande2004item,
  title={Item-based top-n recommendation algorithms},
  author={Deshpande, Mukund and Karypis, George},
  journal={ACM Transactions on Information Systems (TOIS)},
  volume={22},
  number={1},
  pages={143--177},
  year={2004},
  publisher={ACM New York, NY, USA}
}




@inproceedings{cremonesi2008evaluation,
  title={An evaluation methodology for collaborative recommender systems},
  author={Cremonesi, Paolo and Turrin, Roberto and Lentini, Eugenio and Matteucci, Matteo},
  booktitle={2008 International Conference on Automated Solutions for Cross Media Content and Multi-Channel Distribution},
  pages={224--231},
  year={2008},
  organization={IEEE}
}




@inproceedings{paterek2007improving,
  title={Improving regularized singular value decomposition for collaborative filtering},
  author={Paterek, Arkadiusz},
  booktitle={Proceedings of KDD cup and workshop},
  volume={2007},
  pages={5--8},
  year={2007}
}



@article{takacs2007major,
  title={Major components of the gravity recommendation system},
  author={Tak{\'a}cs, G{\'a}bor and Pil{\'a}szy, Istv{\'a}n and N{\'e}meth, Botty{\'a}n and Tikk, Domonkos},
  journal={Acm Sigkdd Explorations Newsletter},
  volume={9},
  number={2},
  pages={80--83},
  year={2007},
  publisher={ACM New York, NY, USA}
}



@inproceedings{he2016fast,
  title={Fast matrix factorization for online recommendation with implicit feedback},
  author={He, Xiangnan and Zhang, Hanwang and Kan, Min-Yen and Chua, Tat-Seng},
  booktitle={Proceedings of the 39th International ACM SIGIR conference on Research and Development in Information Retrieval},
  pages={549--558},
  year={2016}
}



@inproceedings{he2015trirank,
  title={Trirank: Review-aware explainable recommendation by modeling aspects},
  author={He, Xiangnan and Chen, Tao and Kan, Min-Yen and Chen, Xiao},
  booktitle={Proceedings of the 24th ACM international on conference on information and knowledge management},
  pages={1661--1670},
  year={2015}
}



@inproceedings{rendle2020neural,
  title={Neural collaborative filtering vs. matrix factorization revisited},
  author={Rendle, Steffen and Krichene, Walid and Zhang, Li and Anderson, John},
  booktitle={Proceedings of the 14th ACM Conference on Recommender Systems},
  pages={240--248},
  year={2020}
}

@article{lu2012recommender,
  title={Recommender systems},
  author={L{\"u}, Linyuan and Medo, Mat{\'u}{\v{s}} and Yeung, Chi Ho and Zhang, Yi-Cheng and Zhang, Zi-Ke and Zhou, Tao},
  journal={Physics reports},
  volume={519},
  number={1},
  pages={1--49},
  year={2012},
  publisher={Elsevier}
}

@article{guan2019deep,
  title={Deep learning based personalized recommendation with multi-view information integration},
  author={Guan, Yue and Wei, Qiang and Chen, Guoqing},
  journal={Decision Support Systems},
  volume={118},
  pages={58--69},
  year={2019},
  publisher={Elsevier}
}

@incollection{candillier2009state,
  title={State-of-the-art recommender systems},
  author={Candillier, Laurent and Jack, Kris and Fessant, Fran{\c{c}}oise and Meyer, Frank},
  booktitle={Collaborative and Social Information Retrieval and Access: Techniques for Improved User Modeling},
  pages={1--22},
  year={2009},
  publisher={IGI Global}
}


@inproceedings{zheng2019deep,
  title={Deep distribution network: Addressing the data sparsity issue for top-n recommendation},
  author={Zheng, Lei and Li, Chaozhuo and Lu, Chun-Ta and Zhang, Jiawei and Yu, Philip S},
  booktitle={Proceedings of the 42nd International ACM SIGIR Conference on Research and Development in Information Retrieval},
  pages={1081--1084},
  year={2019}
}



@inproceedings{valcarce2018robustness,
  title={On the robustness and discriminative power of information retrieval metrics for top-N recommendation},
  author={Valcarce, Daniel and Bellog{\'\i}n, Alejandro and Parapar, Javier and Castells, Pablo},
  booktitle={Proceedings of the 12th ACM conference on recommender systems},
  pages={260--268},
  year={2018}
}



@inproceedings{hariri2011context,
  title={Context-Aware Recommendation Based On Review Mining.},
  author={Hariri, Negar and Mobasher, Bamshad and Burke, Robin and Zheng, Yong},
  booktitle={ITWP@ IJCAI},
  year={2011}
}



@article{peska2017using,
  title={Using implicit preference relations to improve recommender systems},
  author={Peska, Ladislav and Vojtas, Peter},
  journal={Journal on Data Semantics},
  volume={6},
  pages={15--30},
  year={2017},
  publisher={Springer}
}



@article{rezaei2021amazon,
  title={Amazon product recommender system},
  author={Rezaei, Mohammad R},
  journal={arXiv preprint arXiv:2102.04238},
  year={2021}
}



@article{woo2021predicting,
  title={Predicting the ratings of Amazon products using Big Data},
  author={Woo, Jongwook and Mishra, Monika},
  journal={Wiley Interdisciplinary Reviews: Data Mining and Knowledge Discovery},
  volume={11},
  number={3},
  pages={e1400},
  year={2021},
  publisher={Wiley Online Library}
}





@article{roy2022systematic,
  title={A systematic review and research perspective on recommender systems},
  author={Roy, Deepjyoti and Dutta, Mala},
  journal={Journal of Big Data},
  volume={9},
  number={1},
  pages={59},
  year={2022},
  publisher={Springer}
}

@article{cer2018universal,
  title={Universal sentence encoder},
  author={Cer, Daniel and Yang, Yinfei and Kong, Sheng-yi and Hua, Nan and Limtiaco, Nicole and John, Rhomni St and Constant, Noah and Guajardo-Cespedes, Mario and Yuan, Steve and Tar, Chris and others},
  journal={arXiv preprint arXiv:1803.11175},
  year={2018}
}


@article{asudani2023impact,
  title={Impact of word embedding models on text analytics in deep learning environment: a review},
  author={Asudani, Deepak Suresh and Nagwani, Naresh Kumar and Singh, Pradeep},
  journal={Artificial intelligence review},
  volume={56},
  number={9},
  pages={10345--10425},
  year={2023},
  publisher={Springer}
}



@article{ahuja2019impact,
  title={The impact of features extraction on the sentiment analysis},
  author={Ahuja, Ravinder and Chug, Aakarsha and Kohli, Shruti and Gupta, Shaurya and Ahuja, Pratyush},
  journal={Procedia Computer Science},
  volume={152},
  pages={341--348},
  year={2019},
  publisher={Elsevier}
}



@inproceedings{kurt2017image,
  title={An image-based recommender system based on feature extraction techniques},
  author={Kurt, Z{\"u}hal and {\"O}zkan, Kemal},
  booktitle={2017 International Conference on Computer Science and Engineering (UBMK)},
  pages={769--774},
  year={2017},
  organization={IEEE}
}



@article{deng2018leveraging,
  title={Leveraging image visual features in content-based recommender system},
  author={Deng, Fuhu and Ren, Panlong and Qin, Zhen and Huang, Gu and Qin, Zhiguang and others},
  journal={Scientific Programming},
  volume={2018},
  year={2018},
  publisher={Hindawi}
}

@inproceedings{tuinhof2019image,
  title={Image-based fashion product recommendation with deep learning},
  author={Tuinhof, Hessel and Pirker, Clemens and Haltmeier, Markus},
  booktitle={Machine Learning, Optimization, and Data Science: 4th International Conference, LOD 2018, Volterra, Italy, September 13-16, 2018, Revised Selected Papers 4},
  pages={472--481},
  year={2019},
  organization={Springer}
}
