%% Saved with string encoding Unicode (UTF-8) 

@article{sintef2013bigdata,
author = {SINTEF},
title = {Big Data, for better or worse: 90percent of world's data generated over last two years},
year = {2013},
journal = {ScienceDaily},
url = {[www.sciencedaily.com/releases/2013/05/130522085217.htm](http://www.sciencedaily.com/releases/2013/05/130522085217.htm)},
urldate = {2023-08-17}
}

@article{bawden2020information,
title={Information overload: An overview},
author={Bawden, David and Robinson, Lyn},
year={2020},
publisher={Oxford University Press}
}

@article{o2005trust,
  title={Trust in recommender systems},
  author={O'Donovan, John and Smyth, Barry},
  booktitle={Proceedings of the 10th international conference on Intelligent user interfaces},
  pages={167--174},
  year={2005}
}

@article{seth2022comparative,
  title={A comparative overview of hybrid recommender systems: Review, challenges, and prospects},
  author={Seth, Rakhi and Sharaff, Aakanksha},
  journal={Data Mining and Machine Learning Applications},
  pages={57--98},
  year={2022},
  publisher={Wiley Online Library}
}

@article{thorat2015survey,
  title={Survey on collaborative filtering, content-based filtering and hybrid recommendation system},
  author={Thorat, Poonam B and Goudar, Rajeshwari M and Barve, Sunita},
  journal={International Journal of Computer Applications},
  volume={110},
  number={4},
  pages={31--36},
  year={2015},
  publisher={Foundation of Computer Science}
}

@article{ccano2017hybrid,
  title={Hybrid recommender systems: A systematic literature review},
  author={{\c{C}}ano, Erion and Morisio, Maurizio},
  journal={Intelligent data analysis},
  volume={21},
  number={6},
  pages={1487--1524},
  year={2017},
  publisher={IOS Press}
}

@article{truong2021multi,
  title={Multi-modal recommender systems: Hands-on exploration},
  author={Truong, Quoc-Tuan and Salah, Aghiles and Lauw, Hady},
  booktitle={Proceedings of the 15th ACM Conference on Recommender Systems},
  pages={834--837},
  year={2021}
}


@article{liu2023multimodal,
  title={Multimodal Recommender Systems: A Survey},
  author={Liu, Qidong and Hu, Jiaxi and Xiao, Yutian and Gao, Jingtong and Zhao, Xiangyu},
  journal={arXiv preprint arXiv:2302.03883},
  year={2023}
}

@article{he2017neural,
  title={Neural collaborative filtering},
  author={He, Xiangnan and Liao, Lizi and Zhang, Hanwang and Nie, Liqiang and Hu, Xia and Chua, Tat-Seng},
  booktitle={Proceedings of the 26th international conference on world wide web},
  pages={173--182},
  year={2017}
}

@article{steck2021deep,
  title={Deep learning for recommender systems: A Netflix case study},
  author={Steck, Harald and Baltrunas, Linas and Elahi, Ehtsham and Liang, Dawen and Raimond, Yves and Basilico, Justin},
  journal={AI Magazine},
  volume={42},
  number={3},
  pages={7--18},
  year={2021}
}


@article{medhat2014sentiment,
  title={Sentiment analysis algorithms and applications: A survey},
  author={Medhat, Walaa and Hassan, Ahmed and Korashy, Hoda},
  journal={Ain Shams engineering journal},
  volume={5},
  number={4},
  pages={1093--1113},
  year={2014},
  publisher={Elsevier}
}